=LDR  00945nx   2200205   450 
=001  IT\ICCU\BVEV\063836
=005  20030429000000.0
=010  \\$a0000000419675788
=015  \\$a0000000419675788
=100  \\$a19991014aitaa50      ba0
=102  \\$aIT
=152  \\$aRICA
=200  \1$aAbbati$b, Giovanni Battista
=300  \\$afl. 1716-1723 // Poeta veneziano
=400  \1$aAbati$b, Giovanni Battista$3IT\ICCU\AUFV\000249
=801  \3$aIT$b$c20161212
=810  \\$aFerrari, Luigi. Onomasticon. Repertorio bio-bibliografico degli scrittori italiani dal 1501 al 1850. Milano, 1947
=810  \\$aIBN: Index bio-bibliographicus notorum hominum edidit Jean-Pierre Lobies ; poi! ediderunt Otto et Wolfram Zeller. Osnabruck, Biblio Verlag . poi! F. Dietrich, 1972-
=810  \\$aArchivio biografico italiano. A cura di Tommaso Nappo. Munchen etc., K.G. Saur, 1987-1996. (MICROFICHES)
=810  \\$aPrimo catalogo collettivo delle biblioteche italiane. Roma, ICCU 1962-1983

