=LDR  00999nx   2200181   450 
=001  IT\ICCU\CFIV\003692
=005  20100903121648.8
=010  \\$a0000000355289561
=015  \\$a0000000355289561
=100  \\$a19851217aitaa50      ba0
=102  \\$aIT
=152  \\$aRICA
=200  \1$aAbate$b, Rocco $f<1950-    >
=300  \\$a1950- // Compositore musicale. Diplomato al conservatorio di Milano in flauto, strumentazione per banda e compositore. Nato a Oriolo (CS)
=801  \3$aIT$b$c20161212
=810  \\$aBibliografia nazionale italiana: nuova serie del bollettino delle pubblicazioni italiane ricevute per diritto di stampa a cura della Biblioteca nazionale centrale di Firenze. A. 1, n. 1 (gen. 1958)- Firenze, Centro nazionale per il catalogo unico delle biblioteche italiane e per le informazioni bibliografiche, 1958- (CDROM 
=815  \\$aDizionario enciclopedico universale della musica e dei musicisti diretto da Alberto Basso. Torino, UTET, 1990-
=830  \\$a<Visto sito 3/09/2010: http://www.roccoabate.it/>

