=LDR  01075nx   2200205   450 
=001  IT\ICCU\CFIV\059870
=005  20140120114704.8
=010  \\$a0000000120959719
=015  \\$a0000000120959719
=100  \\$a19890531aitaa50      ba0
=101  \\$aita
=102  \\$aIT
=152  \\$aRICA
=200  \1$aAbbado$b, Claudio
=300  \\$a1933-2014 // Direttore d'orchestra, pianista, senatore a vita (30 agosto 2013). Nato a Milano e morto a Bologna.
=801  \3$aIT$b$c20161212
=810  \\$aCatalogo in linea della Library of Congress http://catalog.loc.gov
=810  \\$aWorld biographical Index. Internet-edition. K. G. Saur Eletronic Publishing Munchen: www.saur-wbi.de
=810  \\$aBibliografia nazionale italiana: nuova serie del bollettino delle pubblicazioni italiane ricevute per diritto di stampa a cura della Biblioteca nazionale centrale di Firenze. A. 1, n. 1 (gen. 1958)- Firenze, Centro nazionale per il catalogo unico delle biblioteche italiane e per le informazioni bibliografiche, 1958- (CDROM 
=830  \\$a#Sito visto 20.01.2014: http://it.wikipedia.org/wiki/Claudio_Abbado#

