=LDR  00357nx   2200121   450 
=001  IT\ICCU\CFIV\151624
=005  19960119000000.0
=100  \\$a19960119xitaa50      ba0
=152  \\$aRICA
=210  02$aA.M.A. Calabria
=410  02$aAssociazione manifestazioni artistiche Calabria$3IT\ICCU\CFIV\151625
=410  02$aA.M.A$c<Lamezia Terme>$3IT\ICCU\CFIV\151627
=801  \3$aIT$b$c20161212

