=LDR  01061nx   2200193   450 
=001  IT\ICCU\CUBV\000068
=005  20150312142034.0
=100  \\$a19970911aitaa50      ba0
=102  \\$aIT
=152  \\$aRICA
=200  \1$aAbbate$b, Gennaro Michele
=300  \\$a1874-1954 // Compositore, maestro di musica
=400  \1$aAbbate$b, Gennaro Maria <1874-1954>$3IT\ICCU\SBNV\041391
=400  \1$aAbbate$b, Gennaro$3IT\ICCU\SBNV\041392
=801  \3$aIT$b$c20161212
=810  \\$aIBN: Index bio-bibliographicus notorum hominum edidit Jean-Pierre Lobies ; poi! ediderunt Otto et Wolfram Zeller. Osnabruck, Biblio Verlag . poi! F. Dietrich, 1972-
=810  \\$aArchivio biografico italiano. A cura di Tommaso Nappo. Munchen etc., K.G. Saur, 1987-1996. (MICROFICHES)
=810  \\$aCatalogo cumulativo 1886-1957 del Bollettino delle pubblicazioni italiane (CUBI) ricevute per diritto di stampa dalla Biblioteca Nazionale Centrale di Firenze, Nendeln, Kraus, 1968, 41 v. (Rist. anast. dell ed: Roma, 1958)
=815  \\$aPrimo catalogo collettivo delle biblioteche italiane. Roma, ICCU 1962-1983

