=LDR  00227nx   2200097   450 
=001  IT\ICCU\INTV\000247
=005  20141103123544.1
=100  \\$a19890420xitaa50      ba0
=152  \\$aRICA
=200  \1$aAbbadia$b, Luigia $f<cantante>
=801  \3$aIT$b$c20161212

