=LDR  00204nx   2200097   450 
=001  IT\ICCU\INTV\001440
=005  19891031000000.0
=100  \\$a19891031xitaa50      ba0
=152  \\$aRICA
=200  \1$aAbbadia
=801  \3$aIT$b$c20161212

