=LDR  00213nx   2200097   450 
=001  IT\ICCU\INTV\020561
=005  19981030000000.0
=100  \\$a19981030xitaa50      ba0
=152  \\$aRICA
=200  \1$aAbaldi$b, Angelo
=801  \3$aIT$b$c20161212

