=LDR  00213nx   2200097   450 
=001  IT\ICCU\INTV\022092
=005  19981030000000.0
=100  \\$a19981030xitaa50      ba0
=152  \\$aRICA
=200  \1$aAbbati$b, Cosimo
=801  \3$aIT$b$c20161212

