=LDR  00227nx   2200097   450 
=001  IT\ICCU\INTV\024717
=005  20150312111126.4
=100  \\$a19981030xitaa50      ba0
=152  \\$aRICA
=200  \1$aAbati$b, Giuseppe $f<fl. 1783>
=801  \3$aIT$b$c20161212

