=LDR  00214nx   2200097   450 
=001  IT\ICCU\INTV\031520
=005  20020319000000.0
=100  \\$a20020319xitaa50      ba0
=152  \\$aRICA
=200  \1$aAbbiati$f<tromba>
=801  \3$aIT$b$c20161212

