=LDR  00211nx   2200097   450 
=001  IT\ICCU\INTV\040486
=005  20020320000000.0
=100  \\$a20020320xitaa50      ba0
=152  \\$aRICA
=200  \1$aAbbati$b, Anna
=801  \3$aIT$b$c20161212

