=LDR  00203nx   2200097   450 
=001  IT\ICCU\INTV\041469
=005  20020320000000.0
=100  \\$a20020320xitaa50      ba0
=152  \\$aRICA
=200  \1$aAbbate
=801  \3$aIT$b$c20161212

