=LDR  00214nx   2200097   450 
=001  IT\ICCU\INTV\045014
=005  20030411000000.0
=100  \\$a20030411xitaa50      ba0
=152  \\$aRICA
=200  \1$aAbarelli$b, Laura
=801  \3$aIT$b$c20161212

