=LDR  00233nx   2200097   450 
=001  IT\ICCU\INTV\047870
=005  20030418000000.0
=100  \\$a20030418xitaa50      ba0
=152  \\$aRICA
=200  \1$aAbbiati$b, Giovanni $f<trombettista>
=801  \3$aIT$b$c20161212

