=LDR  00972nx   2200205   450 
=001  IT\ICCU\LO1V\089687
=005  20010911000000.0
=010  \\$a000000011839136X
=015  \\$a000000011839136X
=100  \\$a19930216aitaa50      ba0
=102  \\$aIT
=152  \\$aRICA
=200  \1$aAbati$b, Antonio
=300  \\$a1604?-1667 // Poeta e prosatore umbro, accademico Caliginoso d'Ancona, Insensato di Perugia
=801  \3$aIT$b$c20161212
=810  \\$aIBN: Index bio-bibliographicus notorum hominum edidit Jean-Pierre Lobies ; poi! ediderunt Otto et Wolfram Zeller. Osnabruck, Biblio Verlag . poi! F. Dietrich, 1972-
=810  \\$aArchivio biografico italiano. A cura di Tommaso Nappo. Munchen etc., K.G. Saur, 1987-1996. (MICROFICHES)
=810  \\$aPrimo catalogo collettivo delle biblioteche italiane. Roma, ICCU 1962-1983
=810  \\$aDizionario biografico degli italiani. Roma, Istituto della Enciclopedia italiana, 1960-
=830  \\$aData di nascita riportata su IBN: 1604, su ABI: 1616

