=LDR  00895nx   2200193   450 
=001  IT\ICCU\LO1V\162475
=005  20161202095354.4
=010  \\$a0000000063005811
=015  \\$a0000000063005811
=100  \\$a19970626aitaa50      ba0
=102  \\$aIT
=152  \\$aRICA
=200  \1$aAbbatini$b, Antonio Maria
=300  \\$aca. 1595-ca. 1677 // Compositore e maestro di cappella.
=801  \3$aIT$b$c20161212
=810  \\$aEnciclopedia cattolica. Citt` del Vaticano, Ente per l Enciclopedia cattolica e il libro antico, 1948-1954
=810  \\$aIBN: Index bio-bibliographicus notorum hominum edidit Jean-Pierre Lobies ; poi! ediderunt Otto et Wolfram Zeller. Osnabruck, Biblio Verlag . poi! F. Dietrich, 1972-
=810  \\$aArchivio biografico italiano. A cura di Tommaso Nappo. Munchen etc., K.G. Saur, 1987-1996. (MICROFICHES)
=815  \\$aPrimo catalogo collettivo delle biblioteche italiane. Roma, ICCU 1962-1983

