=LDR  00240nx   2200097   450 
=001  IT\ICCU\LO1V\186388
=005  20001020000000.0
=100  \\$a20001020xitaa50      ba0
=152  \\$aRICA
=200  \1$aAbashidzé-Gorlenko$b, Nina $f<principessa>
=801  \3$aIT$b$c20161212

