=LDR  00202nx   2200097   450 
=001  IT\ICCU\MUSV\000001
=005  19990618000000.0
=100  \\$a19990618xitaa50      ba0
=152  \\$aRICA
=200  \0$aA. B.
=801  \3$aIT$b$c20161212

