=LDR  00202nx   2200097   450 
=001  IT\ICCU\MUSV\000005
=005  19990309000000.0
=100  \\$a19990309xitaa50      ba0
=152  \\$aRICA
=200  \0$aA. C.
=801  \3$aIT$b$c20161212

