=LDR  00254nx   2200109   450 
=001  IT\ICCU\MUSV\000007
=005  20050809124155.8
=100  \\$a19970617xitaa50      ba0
=152  \\$aRICA
=200  \1$aA.$b, C. $f<sec.15.-16.>
=300  \\$a sec.15.-16. // 
=801  \3$aIT$b$c20161212

