=LDR  00205nx   2200097   450 
=001  IT\ICCU\MUSV\000023
=005  19890807000000.0
=100  \\$a19890807xitaa50      ba0
=152  \\$aRICA
=200  \1$aA. F. M.
=801  \3$aIT$b$c20161212

