=LDR  00202nx   2200097   450 
=001  IT\ICCU\MUSV\000028
=005  19981229000000.0
=100  \\$a19981229xitaa50      ba0
=152  \\$aRICA
=200  \0$aA. G.
=801  \3$aIT$b$c20161212

