=LDR  00217nx   2200097   450 
=001  IT\ICCU\MUSV\000030
=005  19981022000000.0
=100  \\$a19981022xitaa50      ba0
=152  \\$aRICA
=210  02$aA.& G. Carisch & C.O
=801  \3$aIT$b$c20161212

