=LDR  00764nx   2200193   450 
=001  IT\ICCU\MUSV\000061
=005  20151218114122.4
=100  \\$a20030507aitaa50      ba0
=101  \\$aita
=102  \\$aIT
=152  \\$aRICA
=200  \1$aAaron$b, Pietro
=300  \\$a1489c-1545 // Teorico della musica e compositore, nato a Firenze, morto a Venezia
=400  \1$aAaron$b, Piero$3IT\ICCU\MUSV\000060
=400  \1$aAron$b, Pietro$3IT\ICCU\SBNV\044479
=801  \3$aIT$b$c20161212
=810  \\$aGrove Music Online / ed. L. Macy. - <http//wwww.grovemusic.com>
=810  \\$aDizionario biografico degli italiani. Roma, Istituto della Enciclopedia italiana, 1960-
=810  \\$aDizionario enciclopedico universale della musica e dei musicisti diretto da Alberto Basso. Torino, UTET, 1990-

