=LDR  00251nx   2200109   450 
=001  IT\ICCU\MUSV\000063
=005  20040103000000.0
=100  \\$a19890626xitaa50      ba0
=152  \\$aRICA
=200  \1$aAbachidze$f<principessa>
=300  \\$a<principessa>
=801  \3$aIT$b$c20161212

