=LDR  00239nx   2200109   450 
=001  IT\ICCU\MUSV\000065
=005  20040103000000.0
=100  \\$a20040916xitaa50      ba0
=152  \\$aRICA
=200  \1$aAbadie$b, Louis
=300  \\$a<sec. 19.>
=801  \3$aIT$b$c20161212

