=LDR  00224nx   2200097   450 
=001  IT\ICCU\MUSV\000066
=005  19981029000000.0
=100  \\$a19981029xitaa50      ba0
=152  \\$aRICA
=200  \1$aAbancourt$b, Willemain : d'
=801  \3$aIT$b$c20161212

