=LDR  00224nx   2200097   450 
=001  IT\ICCU\MUSV\000069
=005  20030729000000.0
=100  \\$a20030729xitaa50      ba0
=152  \\$aRICA
=200  \1$aAbatantuono$b, Franceschina
=801  \3$aIT$b$c20161212

