=LDR  00256nx   2200109   450 
=001  IT\ICCU\MUSV\000070
=005  20040103000000.0
=100  \\$a20031020xitaa50      ba0
=152  \\$aRICA
=200  \1$aAbate$b, Giovanni $f<musicista>
=300  \\$a<musicista>
=801  \3$aIT$b$c20161212

