=LDR  00213nx   2200097   450 
=001  IT\ICCU\MUSV\000074
=005  19990727000000.0
=100  \\$a19990727xitaa50      ba0
=152  \\$aRICA
=200  \1$aAbate$b, Stefano
=801  \3$aIT$b$c20161212

