=LDR  00317nx   2200121   450 
=001  IT\ICCU\MUSV\000077
=005  20030728000000.0
=100  \\$a20030728xitaa50      ba0
=152  \\$aRICA
=200  \1$aAbati$b, Luigi
=400  \1$aAbbadi$b, Luigi$3IT\ICCU\MUSV\000092
=400  \1$aAbbati$b, Luigi$3IT\ICCU\MUSV\000108
=801  \3$aIT$b$c20161212

