=LDR  00213nx   2200097   450 
=001  IT\ICCU\MUSV\000078
=005  19981027000000.0
=100  \\$a19981027xitaa50      ba0
=152  \\$aRICA
=200  \1$aAbati$b, Tommaso
=801  \3$aIT$b$c20161212

