=LDR  00211nx   2200097   450 
=001  IT\ICCU\MUSV\000080
=005  20031020000000.0
=100  \\$a20031020xitaa50      ba0
=152  \\$aRICA
=200  \1$aAbaza$b, V. V.
=801  \3$aIT$b$c20161212

