=LDR  00213nx   2200097   450 
=001  IT\ICCU\MUSV\000081
=005  20020319000000.0
=100  \\$a20020319xitaa50      ba0
=152  \\$aRICA
=210  02$aAbate, Francesco
=801  \3$aIT$b$c20161212

