=LDR  00310nx   2200121   450 
=001  IT\ICCU\MUSV\000083
=005  20040103000000.0
=100  \\$a20030901xitaa50      ba0
=152  \\$aRICA
=200  \1$aAbbadia$b, Natale $f<1782-1861>
=300  \\$a<1782-1861>
=400  \1$aAbadia$b, Natale$3IT\ICCU\MUSV\083675
=801  \3$aIT$b$c20161212

