=LDR  00259nx   2200109   450 
=001  IT\ICCU\MUSV\000090
=005  20040103000000.0
=100  \\$a20031020xitaa50      ba0
=152  \\$aRICA
=200  \1$aAbbate$b, Enrico $f<compositore>
=300  \\$a<compositore>
=801  \3$aIT$b$c20161212

