=LDR  00215nx   2200097   450 
=001  IT\ICCU\MUSV\000091
=005  19891229000000.0
=100  \\$a19891229xitaa50      ba0
=152  \\$aRICA
=200  \1$aAbbate$b, Federico
=801  \3$aIT$b$c20161212

