=LDR  00262nx   2200109   450 
=001  IT\ICCU\MUSV\000093
=005  20040103000000.0
=100  \\$a19990618xitaa50      ba0
=152  \\$aRICA
=200  \1$aAbbate$b, Gennaro Maria $f<1874-1954>
=300  \\$a<1874-1954>
=801  \3$aIT$b$c20161212

