=LDR  00262nx   2200109   450 
=001  IT\ICCU\MUSV\000095
=005  20040103000000.0
=100  \\$a20031003xitaa50      ba0
=152  \\$aRICA
=200  \0$aAbbate Napolitano $f<sec. 16.-17.>
=300  \\$a<sec. 16.-17.>
=801  \3$aIT$b$c20161212

