=LDR  00284nx   2200109   450 
=001  IT\ICCU\MUSV\000098
=005  20040103000000.0
=100  \\$a20031020xitaa50      ba0
=152  \\$aRICA
=200  \1$aAbbati$b, Achille $f<1857-1914 ; compositore>
=300  \\$a<1857-1914 ; compositore>
=801  \3$aIT$b$c20161212

