=LDR  00222nx   2200097   450 
=001  IT\ICCU\MUSV\000099
=005  20030728000000.0
=100  \\$a20030728xitaa50      ba0
=152  \\$aRICA
=200  \1$aAbbati Buonamini$b, Lucia
=801  \3$aIT$b$c20161212

