=LDR  00255nx   2200109   450 
=001  IT\ICCU\MUSV\000100
=005  20040103000000.0
=100  \\$a20031020xitaa50      ba0
=152  \\$aRICA
=200  \1$aAbbati$b, Dionigio $f<sec. 19.>
=300  \\$a<sec. 19.>
=801  \3$aIT$b$c20161212

