=LDR  00278nx   2200109   450 
=001  IT\ICCU\MUSV\000102
=005  20040103000000.0
=100  \\$a19981027xitaa50      ba0
=152  \\$aRICA
=200  \1$aAbbati$b, Francesco Maria $f<vescovo di Rieti>
=300  \\$a<vescovo di Rieti>
=801  \3$aIT$b$c20161212

