=LDR  00220nx   2200097   450 
=001  IT\ICCU\MUSV\000104
=005  19981030000000.0
=100  \\$a19981030xitaa50      ba0
=152  \\$aRICA
=200  \1$aAbbati$b, Gio. Battista
=801  \3$aIT$b$c20161212

