=LDR  00217nx   2200097   450 
=001  IT\ICCU\MUSV\000105
=005  19981001000000.0
=100  \\$a19981001xitaa50      ba0
=152  \\$aRICA
=200  \1$aAbbati$b, Gioacchino
=801  \3$aIT$b$c20161212

