=LDR  00323nx   2200121   450 
=001  IT\ICCU\MUSV\000106
=005  20040103000000.0
=100  \\$a20030915xitaa50      ba0
=152  \\$aRICA
=200  \1$aAbbati$b, Pietro $f<scenografo>
=300  \\$a<scenografo>
=400  \1$aAbati$b, Pietro <scenografo>$3IT\ICCU\MUSV\087844
=801  \3$aIT$b$c20161212

