=LDR  00281nx   2200109   450 
=001  IT\ICCU\MUSV\000107
=005  20040103000000.0
=100  \\$a20031021xitaa50      ba0
=152  \\$aRICA
=200  \1$aAbbati$b, Pietro $f<sec. 18. ; compositore>
=300  \\$a<sec. 18. ; compositore>
=801  \3$aIT$b$c20161212

