=LDR  00311nx   2200121   450 
=001  IT\ICCU\MUSV\000114
=005  20160428123434.7
=100  \\$a19980521xitaa50      ba0
=152  \\$aRICA
=200  \1$aAbbiate$b, Luigi $f<1866-1933>
=300  \\$a1866-1933 // 
=400  \1$aAbbiate$b, Louis$3IT\ICCU\MUSV\000113
=801  \3$aIT$b$c20161212

