=LDR  00249nx   2200109   450 
=001  IT\ICCU\MUSV\000115
=005  20040103000000.0
=100  \\$a20030728xitaa50      ba0
=152  \\$aRICA
=200  \1$aAbbiati$f<macchinista>
=300  \\$a<macchinista>
=801  \3$aIT$b$c20161212

