=LDR  00214nx   2200097   450 
=001  IT\ICCU\MUSV\000116
=005  19890419000000.0
=100  \\$a19890419xitaa50      ba0
=152  \\$aRICA
=200  \1$aAbbiati$b, Albino
=801  \3$aIT$b$c20161212

