=LDR  00208nx   2200097   450 
=001  IT\ICCU\MUSV\000117
=005  20030611000000.0
=100  \\$a20030611xitaa50      ba0
=152  \\$aRICA
=210  02$aAbbiati, G.
=801  \3$aIT$b$c20161212

