=LDR  00213nx   2200097   450 
=001  IT\ICCU\MUSV\000118
=005  20030728000000.0
=100  \\$a20030728xitaa50      ba0
=152  \\$aRICA
=200  \1$aAbbiati$b, G. B.
=801  \3$aIT$b$c20161212

