=LDR  00312nx   2200121   450 
=001  IT\ICCU\MUSV\000119
=005  20040103000000.0
=100  \\$a20030728xitaa50      ba0
=152  \\$aRICA
=200  \1$aAbbiati$b, Luigi $f<macchinista>
=300  \\$a<macchinista>
=400  \1$aAbiati$b, Luigi$3IT\ICCU\MUSV\000152
=801  \3$aIT$b$c20161212

