=LDR  00201nx   2200097   450 
=001  IT\ICCU\MUSV\000175
=005  19981010000000.0
=100  \\$a19981010xitaa50      ba0
=152  \\$aRICA
=200  \0$aA.C.
=801  \3$aIT$b$c20161212

