=LDR  00201nx   2200097   450 
=001  IT\ICCU\MUSV\000436
=005  19981019000000.0
=100  \\$a19981019xitaa50      ba0
=152  \\$aRICA
=200  \0$aA.F.
=801  \3$aIT$b$c20161212

