=LDR  00209nx   2200097   450 
=001  IT\ICCU\MUSV\001264
=005  19981009000000.0
=100  \\$a19981009xitaa50      ba0
=152  \\$aRICA
=210  02$aA.Loewenthal
=801  \3$aIT$b$c20161212

