=LDR  00201nx   2200097   450 
=001  IT\ICCU\MUSV\001377
=005  19900221000000.0
=100  \\$a19900221xitaa50      ba0
=152  \\$aRICA
=200  \0$aA.M.
=801  \3$aIT$b$c20161212

