=LDR  00201nx   2200097   450 
=001  IT\ICCU\MUSV\001572
=005  19981030000000.0
=100  \\$a19981030xitaa50      ba0
=152  \\$aRICA
=200  \0$aA.N.
=801  \3$aIT$b$c20161212

