=LDR  00205nx   2200097   450 
=001  IT\ICCU\MUSV\002239
=005  19890908000000.0
=100  \\$a19890908xitaa50      ba0
=152  \\$aRICA
=210  02$aA.P.D.R.
=801  \3$aIT$b$c20161212

