=LDR  00201nx   2200097   450 
=001  IT\ICCU\MUSV\003037
=005  19990122000000.0
=100  \\$a19990122xitaa50      ba0
=152  \\$aRICA
=200  \0$aA.T.
=801  \3$aIT$b$c20161212

