=LDR  00247nx   2200109   450 
=001  IT\ICCU\MUSV\003369
=005  20040103000000.0
=100  \\$a20031202xitaa50      ba0
=152  \\$aRICA
=200  \0$aA.Z. $f<librettista>
=300  \\$a<librettista>
=801  \3$aIT$b$c20161212

