=LDR  00221nx   2200097   450 
=001  IT\ICCU\MUSV\016059
=005  20161012114304.9
=100  \\$a20030605xitaa50      ba0
=152  \\$aRICA
=210  02$aGroos, Christian Theodor
=801  \3$aIT$b$c20161212

