=LDR  00384nx   2200145   450 
=001  IT\ICCU\MUSV\019293
=005  20161012123623.4
=100  \\$a19890627xitaa50      ba0
=101  \\$aspa
=102  \\$aES
=152  \\$aRICA
=200  \1$aZúñiga y Avellaneda$b, Francisco : de
=300  \\$a16. sec. // Conte di Miranda
=400  \1$aÇuñiga$b, Francisco : de$3IT\ICCU\SBNV\048081
=801  \3$aES$b$c20161212

