=LDR  00215nx   2200097   450 
=001  IT\ICCU\MUSV\044444
=005  20161014085524.1
=100  \\$a20030610xitaa50      ba0
=152  \\$aRICA
=200  \1$aZach$b, M. I. : de
=801  \3$aIT$b$c20161212

