=LDR  00292nx   2200121   450 
=001  IT\ICCU\MUSV\052172
=005  20160301131913.3
=100  \\$a19981023xitaa50      ba0
=152  \\$aRICA
=200  \0$aAbbate Pitigliano
=300  \\$a<abate>
=400  \0$aAbate Pitigliano$3IT\ICCU\SBNV\033136
=801  \3$aIT$b$c20161212

