=LDR  00216nx   2200097   450 
=001  IT\ICCU\MUSV\071946
=005  20020320000000.0
=100  \\$a20020320xitaa50      ba0
=152  \\$aRICA
=200  \1$aA.$b, C. : di Siena
=801  \3$aIT$b$c20161212

