=LDR  00523nx   2200169   450 
=001  IT\ICCU\MUSV\073240
=005  20161012130704.9
=010  \\$a0000000027125947
=015  \\$a0000000027125947
=100  \\$a20020321xitaa50      ba0
=101  \\$ager
=102  \\$aDE
=152  \\$aRICA
=200  \1$aHessen-Darmstadt$b, Emil : von
=300  \\$a1790-1856 // Principe, figlio del granduca Ludwig, nato a Darmstadt, morto a Baden-Baden
=801  \3$aDE$b$c20161212
=830  \\$a#https://de.wikipedia.org/wiki/Emil_von_Hessen-Darmstadt# (Ott. 2016)

