=LDR  00260nx   2200109   450 
=001  IT\ICCU\MUSV\085777
=005  20040103000000.0
=100  \\$a20030724xitaa50      ba0
=152  \\$aRICA
=200  \1$aAbbiati$b, Pietro $f<macchinista>
=300  \\$a<macchinista>
=801  \3$aIT$b$c20161212

