=LDR  00316nx   2200121   450 
=001  IT\ICCU\MUSV\086542
=005  20040103000000.0
=100  \\$a20030728xitaa50      ba0
=152  \\$aRICA
=200  \1$aAbbiati$b, Antonio $f<macchinista>
=300  \\$a<macchinista>
=400  \1$aAbiati$b, Antonio$3IT\ICCU\MUSV\000153
=801  \3$aIT$b$c20161212

