=LDR  00755nx   2200145   450 
=001  IT\ICCU\MUSV\087250
=005  20090723093326.3
=100  \\$a20030424aitaa50      ba0
=102  \\$aIT
=152  \\$aRICA
=200  \1$aAbbado$b, Roberto
=300  \\$a1954- // Direttore d'orchestra. Nato a Milano.
=801  \3$aIT$b$c20161212
=810  \\$aWorld biographical Index. Internet-edition. K. G. Saur Eletronic Publishing Munchen: www.saur-wbi.de
=815  \\$aBibliografia nazionale italiana: nuova serie del bollettino delle pubblicazioni italiane ricevute per diritto di stampa a cura della Biblioteca nazionale centrale di Firenze. A. 1, n. 1 (gen. 1958)- Firenze, Centro nazionale per il catalogo unico delle biblioteche italiane e per le informazioni bibliografiche, 1958- (CDROM 

