=LDR  01143nx   2200193   450 
=001  IT\ICCU\PALV\017756
=005  20041206121229.3
=010  \\$a0000000364629281
=015  \\$a0000000364629281
=100  \\$a19920428aitaa50      ba0
=102  \\$aIT
=152  \\$aRICA
=200  \1$aAbbate$b, Onofrio
=300  \\$a1824-1915 // Medico e poligrafo originario di Palermo e trasferitosi in Egitto. Direttore dell'ospedale di Alessandria d'Egitto, medico capo della flotta egiziana, insignito del titolo di pascia'
=801  \3$aIT$b$c20161212
=810  \\$aIBN: Index bio-bibliographicus notorum hominum edidit Jean-Pierre Lobies ; poi! ediderunt Otto et Wolfram Zeller. Osnabruck, Biblio Verlag . poi! F. Dietrich, 1972-
=810  \\$aArchivio biografico italiano. A cura di Tommaso Nappo. Munchen etc., K.G. Saur, 1987-1996. (MICROFICHES)
=810  \\$aPrimo catalogo collettivo delle biblioteche italiane. Roma, ICCU 1962-1983
=810  \\$aCatalogo cumulativo 1886-1957 del Bollettino delle pubblicazioni italiane (CUBI) ricevute per diritto di stampa dalla Biblioteca Nazionale Centrale di Firenze, Nendeln, Kraus, 1968, 41 v. (Rist. anast. dell ed: Roma, 1958)

