=LDR  01161nx   2200193   450 
=001  IT\ICCU\RAVV\037393
=005  20081230095451.1
=010  \\$a0000000109298390
=015  \\$a0000000109298390
=100  \\$a19900104aitaa50      ba0
=102  \\$aIT
=152  \\$aRICA
=200  \1$aAbbiati$b, Franco $f<1898-1981>
=300  \\$a1898-1981 // Critico musicale, giornalista del Corriere della sera, compositore. Nato e morto a Bergamo.
=801  \3$aIT$b$c20161212
=810  \\$aIBN: Index bio-bibliographicus notorum hominum edidit Jean-Pierre Lobies ; poi! ediderunt Otto et Wolfram Zeller. Osnabruck, Biblio Verlag . poi! F. Dietrich, 1972-
=810  \\$aCatalogo in linea della Library of Congress http://catalog.loc.gov
=810  \\$aArchivio biografico italiano. A cura di Tommaso Nappo. Munchen etc., K.G. Saur, 1987-1996. (MICROFICHES)
=810  \\$aBibliografia nazionale italiana: nuova serie del bollettino delle pubblicazioni italiane ricevute per diritto di stampa a cura della Biblioteca nazionale centrale di Firenze. A. 1, n. 1 (gen. 1958)- Firenze, Centro nazionale per il catalogo unico delle biblioteche italiane e per le informazioni bibliografiche, 1958- (CDROM 

