=LDR  01247nx   2200205   450 
=001  IT\ICCU\RAVV\068789
=005  20081229131721.1
=010  \\$a0000000119335941
=015  \\$a0000000119335941
=100  \\$a19920107aitaa50      ba0
=102  \\$aIT
=152  \\$aRICA
=200  \1$aAbbado$b, Michelangelo
=300  \\$a1890-1979 // Professore di violoncello, concertista, compositore
=801  \3$aIT$b$c20161212
=810  \\$aIBN: Index bio-bibliographicus notorum hominum edidit Jean-Pierre Lobies ; poi! ediderunt Otto et Wolfram Zeller. Osnabruck, Biblio Verlag . poi! F. Dietrich, 1972-
=810  \\$aArchivio biografico italiano. A cura di Tommaso Nappo. Munchen etc., K.G. Saur, 1987-1996. (MICROFICHES)
=810  \\$aBibliografia nazionale italiana: nuova serie del bollettino delle pubblicazioni italiane ricevute per diritto di stampa a cura della Biblioteca nazionale centrale di Firenze. A. 1, n. 1 (gen. 1958)- Firenze, Centro nazionale per il catalogo unico delle biblioteche italiane e per le informazioni bibliografiche, 1958- (CDROM 
=810  \\$aPrimo catalogo collettivo delle biblioteche italiane. Roma, ICCU 1962-1983
=810  \\$aDizionario enciclopedico universale della musica e dei musicisti diretto da Alberto Basso. Torino, UTET, 1990-

