=LDR  00672nx   2200157   450 
=001  IT\ICCU\RMLV\042081
=005  20041206121229.3
=100  \\$a20000606aitaa50      ba0
=102  \\$aIT
=152  \\$aRICA
=200  \1$aAbbati Marescotti$b, Paolo
=300  \\$a1812-1878 // Poeta, tragediografo
=801  \3$aIT$b$c20161212
=810  \\$aIBN: Index bio-bibliographicus notorum hominum edidit Jean-Pierre Lobies ; poi! ediderunt Otto et Wolfram Zeller. Osnabruck, Biblio Verlag . poi! F. Dietrich, 1972-
=810  \\$aPrimo catalogo collettivo delle biblioteche italiane. Roma, ICCU 1962-1983
=810  \\$aCatalogo dei libri italiani dell Ottocento, 1801-1900. Milano, Editrice Bibliografica, 1991

