=LDR  00222nx   2200097   450 
=001  IT\ICCU\SBNV\012486
=005  20070725111347.7
=100  \\$a20070725xitaa50      ba0
=152  \\$aRICA
=200  \1$aAbadie$b, J. $f<cantante>
=801  \3$aIT$b$c20161212

