=LDR  00281nx   2200109   450 
=001  IT\ICCU\SBNV\013135
=005  20131025130452.3
=100  \\$a20070904xitaa50      ba0
=152  \\$aRICA
=200  \1$aAbbagnato-Milanesi$b, Litterio
=300  \\$a1810-? // compositore. Nato a Messina
=801  \3$aIT$b$c20161212

