=LDR  00225nx   2200097   450 
=001  IT\ICCU\SBNV\013936
=005  20071009163009.7
=100  \\$a20071009xitaa50      ba0
=152  \\$aRICA
=200  \1$aAbadia$b, Luisa $f<cantante>
=801  \3$aIT$b$c20161212

