=LDR  00209nx   2200097   450 
=001  IT\ICCU\SBNV\016299
=005  20080214111043.9
=100  \\$a20080214xitaa50      ba0
=152  \\$aRICA
=200  \1$aAbbadia$b, M
=801  \3$aIT$b$c20161212

