=LDR  00427nx   2200133   450 
=001  IT\ICCU\UBOV\609266
=005  20020326000000.0
=100  \\$a20020326xitaa50      ba0
=152  \\$aRICA
=200  \1$aAbatessa$b, Giovanni Battista
=400  \1$aAbbatessa$b, Giovanni Battista$3IT\ICCU\UBOV\609286
=400  \1$aAbadessa$b, Giovanni Battista$3IT\ICCU\UBOV\609288
=400  \1$aBadessa$b, Giovanni Battista$3IT\ICCU\UBOV\609289
=801  \3$aIT$b$c20161212

